@misc{enwiki:polynomial_interpolation,
	author = {{Wikipedia contributors}},
	title  = {Polynomial interpolation --- {Wikipedia}{,} The Free Encyclopedia},
	year   = {2021},
	url    = {\url{https://en.wikipedia.org/w/index.php?title=Polynomial_interpolation&oldid=1014537890}},
	note   = {[Online; accessed 23-April-2021]}
}

@misc{enwiki:lagrange_polynomial,
	author = {{Wikipedia contributors}},
	title  = {Lagrange polynomial --- {Wikipedia}{,} The Free Encyclopedia},
	year   = {2021},
	url    = {\url{https://en.wikipedia.org/w/index.php?title=Lagrange_polynomial&oldid=1019423818}},
	note   = {[Online; accessed 23-April-2021]}
}

@misc{enwiki:runge_phenomenon,
	author = {{Wikipedia contributors}},
	title  = {Runge's phenomenon --- {Wikipedia}{,} The Free Encyclopedia},
	year   = {2020},
	url    = {\url{https://en.wikipedia.org/w/index.php?title=Runge%27s_phenomenon&oldid=990573695}},
	note   = {[Online; accessed 23-April-2021]}
}

@misc{enwiki:chebyshev_nodes,
	author = {{Wikipedia contributors}},
	title  = {Chebyshev nodes --- {Wikipedia}{,} The Free Encyclopedia},
	year   = {2020},
	url    = {\url{https://en.wikipedia.org/w/index.php?title=Chebyshev_nodes&oldid=988959260}},
	note   = {[Online; accessed 23-April-2021]}
}

@misc{mathworld:lagrange_polynomial,
	author       = {Archer, Branden and Weisstein, Eric W.},
	title        = {Lagrange Interpolating Polynomial},
	howpublished = {From MathWorld--A Wolfram Web Resource.},
	url          = {https://mathworld.wolfram.com/LagrangeInterpolatingPolynomial.html}
}

@misc{Peirce,
	author = {Peirce, Anthony},
	title  = {Lecture 3: The Runge Phenomenon and Piecewise Polynomial Interpolation},
	url    = {https://www.math.ubc.ca/~peirce/M406_Lecture_3_Runge_Phenomenon_Piecewise_Polynomial_Interpolation.pdf},
	year   = {2017},
	month  = {August},
	note   = {[Online; accessed 23-April-2021]}
}

@misc{Ibrahimoglu,
	author       = {Ibrahimoglu, Bayram Ali},
	title        = {Lebesgue functions and Lebesgue constants in polynomial interpolation},
	year         = {2016},
	doi          = {https://doi.org/10.1186/s13660-016-1030-3},
	howpublished = {Journal of Inequalities and Applications}
}

@misc{youtube:interpolation_error,
	author       = {Usha, R.},
	title        = {lecture 5 , Part 2 Lagrange Interpolation Polynomial , Error In Interpolation - 1},
	year         = {2017},
	month        = {July},
	url          = {https://www.youtube.com/watch?v=h099LyqT3ms},
	howpublished = {Numerical Analysis YouTube Channel}
}

@misc{enwiki:interpolation,
	author = {{Wikipedia contributors}},
	title  = {Interpolation --- {Wikipedia}{,} The Free Encyclopedia},
	year   = {2021},
	url    = {\url{https://en.wikipedia.org/w/index.php?title=Interpolation&oldid=1041619009}},
	note   = {[Online; accessed 7-September-2021]}
}

@misc{enwiki:linear_interpolation,
	author = {{Wikipedia contributors}},
	title  = {Linear interpolation --- {Wikipedia}{,} The Free Encyclopedia},
	year   = {2021},
	url    = {\url{https://en.wikipedia.org/w/index.php?title=Linear_interpolation&oldid=1030419099}},
	note   = {[Online; accessed 7-September-2021]}
}

@misc{Jameson,
	author       = {Jameson, Antony},
	title        = {Cubic Splines},
	howpublished = {Department of Aeronautics and Astronautics, Stanford University}
}